%YAML 1.1
%TAG !u! tag:unity3d.com,2011:
--- !u!1 &1726030302083683142
GameObject:
  m_ObjectHideFlags: 0
  m_CorrespondingSourceObject: {fileID: 0}
  m_PrefabInstance: {fileID: 0}
  m_PrefabAsset: {fileID: 0}
  serializedVersion: 6
  m_Component:
  - component: {fileID: 1728680611164727506}
  - component: {fileID: 1696485554634569730}
  - component: {fileID: 1704608207355507634}
  m_Layer: 0
  m_Name: Metal bars_LOD0
  m_TagString: Untagged
  m_Icon: {fileID: 0}
  m_NavMeshLayer: 0
  m_StaticEditorFlags: 65
  m_IsActive: 1
--- !u!4 &1728680611164727506
Transform:
  m_ObjectHideFlags: 0
  m_CorrespondingSourceObject: {fileID: 0}
  m_PrefabInstance: {fileID: 0}
  m_PrefabAsset: {fileID: 0}
  m_GameObject: {fileID: 1726030302083683142}
  m_LocalRotation: {x: 0, y: -0, z: -0, w: 1}
  m_LocalPosition: {x: 0.056400165, y: 0, z: 0}
  m_LocalScale: {x: 1, y: 1, z: 1}
  m_Children: []
  m_Father: {fileID: 1728681563117537690}
  m_RootOrder: 0
  m_LocalEulerAnglesHint: {x: 0, y: 0, z: 0}
--- !u!33 &1696485554634569730
MeshFilter:
  m_ObjectHideFlags: 0
  m_CorrespondingSourceObject: {fileID: 0}
  m_PrefabInstance: {fileID: 0}
  m_PrefabAsset: {fileID: 0}
  m_GameObject: {fileID: 1726030302083683142}
  m_Mesh: {fileID: 4300008, guid: 2e1e471455bd65347ab2aee65314d570, type: 3}
--- !u!23 &1704608207355507634
MeshRenderer:
  m_ObjectHideFlags: 0
  m_CorrespondingSourceObject: {fileID: 0}
  m_PrefabInstance: {fileID: 0}
  m_PrefabAsset: {fileID: 0}
  m_GameObject: {fileID: 1726030302083683142}
  m_Enabled: 1
  m_CastShadows: 1
  m_ReceiveShadows: 1
  m_DynamicOccludee: 1
  m_MotionVectors: 1
  m_LightProbeUsage: 1
  m_ReflectionProbeUsage: 1
  m_RayTracingMode: 2
  m_RenderingLayerMask: 1
  m_RendererPriority: 0
  m_Materials:
  - {fileID: 2100000, guid: a9c71d15324d4d045a4ca5063a837a87, type: 2}
  m_StaticBatchInfo:
    firstSubMesh: 0
    subMeshCount: 0
  m_StaticBatchRoot: {fileID: 0}
  m_ProbeAnchor: {fileID: 0}
  m_LightProbeVolumeOverride: {fileID: 0}
  m_ScaleInLightmap: 1
  m_ReceiveGI: 2
  m_PreserveUVs: 0
  m_IgnoreNormalsForChartDetection: 0
  m_ImportantGI: 0
  m_StitchLightmapSeams: 1
  m_SelectedEditorRenderState: 3
  m_MinimumChartSize: 4
  m_AutoUVMaxDistance: 0.5
  m_AutoUVMaxAngle: 89
  m_LightmapParameters: {fileID: 0}
  m_SortingLayerID: 0
  m_SortingLayer: 0
  m_SortingOrder: 0
--- !u!1 &1726475694627359806
GameObject:
  m_ObjectHideFlags: 0
  m_CorrespondingSourceObject: {fileID: 0}
  m_PrefabInstance: {fileID: 0}
  m_PrefabAsset: {fileID: 0}
  serializedVersion: 6
  m_Component:
  - component: {fileID: 1728681563117537690}
  - component: {fileID: 1524764604128346784}
  - component: {fileID: 1512563540005364378}
  m_Layer: 0
  m_Name: '[prefab] Metal bars'
  m_TagString: Untagged
  m_Icon: {fileID: 0}
  m_NavMeshLayer: 0
  m_StaticEditorFlags: 0
  m_IsActive: 1
--- !u!4 &1728681563117537690
Transform:
  m_ObjectHideFlags: 0
  m_CorrespondingSourceObject: {fileID: 0}
  m_PrefabInstance: {fileID: 0}
  m_PrefabAsset: {fileID: 0}
  m_GameObject: {fileID: 1726475694627359806}
  m_LocalRotation: {x: 0, y: 0, z: 0, w: 1}
  m_LocalPosition: {x: 25.622, y: 1.69, z: -9.6428}
  m_LocalScale: {x: 2.313, y: 2.313, z: 2.313}
  m_Children:
  - {fileID: 1728680611164727506}
  m_Father: {fileID: 0}
  m_RootOrder: 0
  m_LocalEulerAnglesHint: {x: 0, y: 0, z: 0}
--- !u!205 &1524764604128346784
LODGroup:
  m_ObjectHideFlags: 0
  m_CorrespondingSourceObject: {fileID: 0}
  m_PrefabInstance: {fileID: 0}
  m_PrefabAsset: {fileID: 0}
  m_GameObject: {fileID: 1726475694627359806}
  serializedVersion: 2
  m_LocalReferencePoint: {x: 0.006744042, y: 0.047490254, z: -0.008150458}
  m_Size: 0.27997115
  m_FadeMode: 0
  m_AnimateCrossFading: 0
  m_LastLODIsBillboard: 0
  m_LODs:
  - screenRelativeHeight: 0.25
    fadeTransitionWidth: 0
    renderers:
    - renderer: {fileID: 1704608207355507634}
  - screenRelativeHeight: 0.125
    fadeTransitionWidth: 0
    renderers:
    - renderer: {fileID: 0}
  - screenRelativeHeight: 0.01
    fadeTransitionWidth: 0
    renderers:
    - renderer: {fileID: 0}
  m_Enabled: 1
--- !u!220 &1512563540005364378
LightProbeGroup:
  m_ObjectHideFlags: 0
  m_CorrespondingSourceObject: {fileID: 0}
  m_PrefabInstance: {fileID: 0}
  m_PrefabAsset: {fileID: 0}
  m_GameObject: {fileID: 1726475694627359806}
  m_Enabled: 1
  m_SourcePositions:
  - {x: 0.010325475, y: 0.108772516, z: 0.06878425}
  - {x: -0.10492521, y: 0.014824629, z: -0.0051763654}
  - {x: 0.10769668, y: 0.014824629, z: -0.0043742657}
  - {x: -0.10434466, y: 0.014824629, z: 0.10020247}
  - {x: 0.10712781, y: 0.014824629, z: 0.09494986}
  - {x: 0.004014507, y: 0.014824629, z: 0.13932572}
  - {x: -0.09692884, y: 0.014824629, z: -0.11687455}
  - {x: 0.11190291, y: 0.014824629, z: -0.11687453}
  - {x: 0.010325508, y: 0.014824629, z: -0.15431291}
  - {x: 0.010325479, y: 0.108772516, z: -0.0767383}
  m_Dering: 1
