%YAML 1.1
%TAG !u! tag:unity3d.com,2011:
--- !u!114 &-8836228615253102379
MonoBehaviour:
  m_ObjectHideFlags: 1
  m_CorrespondingSourceObject: {fileID: 0}
  m_PrefabInstance: {fileID: 0}
  m_PrefabAsset: {fileID: 0}
  m_GameObject: {fileID: 0}
  m_Enabled: 1
  m_EditorHideFlags: 0
  m_Script: {fileID: 11500000, guid: 90fb794a295e73545af71bcdb7375791, type: 3}
  m_Name: CinemachineShot
  m_EditorClassIdentifier: 
  DisplayName: 
  VirtualCamera:
    exposedName: ce1ccd7d0e150274ebb0ee5a0fa3abff
    defaultValue: {fileID: 0}
--- !u!114 &-8286958616497261668
MonoBehaviour:
  m_ObjectHideFlags: 1
  m_CorrespondingSourceObject: {fileID: 0}
  m_PrefabInstance: {fileID: 0}
  m_PrefabAsset: {fileID: 0}
  m_GameObject: {fileID: 0}
  m_Enabled: 1
  m_EditorHideFlags: 0
  m_Script: {fileID: 11500000, guid: 2a16748d9461eae46a725db9776d5390, type: 3}
  m_Name: Markers
  m_EditorClassIdentifier: 
  m_Version: 3
  m_AnimClip: {fileID: 0}
  m_Locked: 0
  m_Muted: 0
  m_CustomPlayableFullTypename: 
  m_Curves: {fileID: 0}
  m_Parent: {fileID: 11400000}
  m_Children: []
  m_Clips: []
  m_Markers:
    m_Objects: []
--- !u!114 &-7311170765301948757
MonoBehaviour:
  m_ObjectHideFlags: 1
  m_CorrespondingSourceObject: {fileID: 0}
  m_PrefabInstance: {fileID: 0}
  m_PrefabAsset: {fileID: 0}
  m_GameObject: {fileID: 0}
  m_Enabled: 1
  m_EditorHideFlags: 0
  m_Script: {fileID: 11500000, guid: 21bf7f712d84d26478ebe6a299f21738, type: 3}
  m_Name: Activation Track
  m_EditorClassIdentifier: 
  m_Version: 3
  m_AnimClip: {fileID: 0}
  m_Locked: 0
  m_Muted: 0
  m_CustomPlayableFullTypename: 
  m_Curves: {fileID: 0}
  m_Parent: {fileID: 11400000}
  m_Children: []
  m_Clips:
  - m_Version: 1
    m_Start: 10.493974939982092
    m_ClipIn: 0
    m_Asset: {fileID: -4780913462315802063}
    m_Duration: 3.1034791310628265
    m_TimeScale: 1
    m_ParentTrack: {fileID: -7311170765301948757}
    m_EaseInDuration: 0
    m_EaseOutDuration: 0
    m_BlendInDuration: 0
    m_BlendOutDuration: 0
    m_MixInCurve:
      serializedVersion: 2
      m_Curve:
      - serializedVersion: 3
        time: 0
        value: 0
        inSlope: 0
        outSlope: 0
        tangentMode: 0
        weightedMode: 0
        inWeight: 0
        outWeight: 0
      - serializedVersion: 3
        time: 1
        value: 1
        inSlope: 0
        outSlope: 0
        tangentMode: 0
        weightedMode: 0
        inWeight: 0
        outWeight: 0
      m_PreInfinity: 2
      m_PostInfinity: 2
      m_RotationOrder: 4
    m_MixOutCurve:
      serializedVersion: 2
      m_Curve:
      - serializedVersion: 3
        time: 0
        value: 1
        inSlope: 0
        outSlope: 0
        tangentMode: 0
        weightedMode: 0
        inWeight: 0
        outWeight: 0
      - serializedVersion: 3
        time: 1
        value: 0
        inSlope: 0
        outSlope: 0
        tangentMode: 0
        weightedMode: 0
        inWeight: 0
        outWeight: 0
      m_PreInfinity: 2
      m_PostInfinity: 2
      m_RotationOrder: 4
    m_BlendInCurveMode: 0
    m_BlendOutCurveMode: 0
    m_ExposedParameterNames: []
    m_AnimationCurves: {fileID: 0}
    m_Recordable: 0
    m_PostExtrapolationMode: 0
    m_PreExtrapolationMode: 0
    m_PostExtrapolationTime: 0
    m_PreExtrapolationTime: 0
    m_DisplayName: Active
  m_Markers:
    m_Objects: []
  m_PostPlaybackState: 3
--- !u!114 &-7143820573093187909
MonoBehaviour:
  m_ObjectHideFlags: 1
  m_CorrespondingSourceObject: {fileID: 0}
  m_PrefabInstance: {fileID: 0}
  m_PrefabAsset: {fileID: 0}
  m_GameObject: {fileID: 0}
  m_Enabled: 1
  m_EditorHideFlags: 0
  m_Script: {fileID: 11500000, guid: d21dcc2386d650c4597f3633c75a1f98, type: 3}
  m_Name: Animation Track
  m_EditorClassIdentifier: 
  m_Version: 3
  m_AnimClip: {fileID: 0}
  m_Locked: 0
  m_Muted: 0
  m_CustomPlayableFullTypename: 
  m_Curves: {fileID: 0}
  m_Parent: {fileID: 11400000}
  m_Children: []
  m_Clips:
  - m_Version: 1
    m_Start: 5.133333333333333
    m_ClipIn: 0
    m_Asset: {fileID: -6738716003619629865}
    m_Duration: 1.5333333333333332
    m_TimeScale: 1
    m_ParentTrack: {fileID: -7143820573093187909}
    m_EaseInDuration: 0
    m_EaseOutDuration: 0
    m_BlendInDuration: -1
    m_BlendOutDuration: 0.15000000000000213
    m_MixInCurve:
      serializedVersion: 2
      m_Curve:
      - serializedVersion: 3
        time: 0
        value: 0
        inSlope: 0
        outSlope: 0
        tangentMode: 0
        weightedMode: 0
        inWeight: 0
        outWeight: 0
      - serializedVersion: 3
        time: 1
        value: 1
        inSlope: 0
        outSlope: 0
        tangentMode: 0
        weightedMode: 0
        inWeight: 0
        outWeight: 0
      m_PreInfinity: 2
      m_PostInfinity: 2
      m_RotationOrder: 4
    m_MixOutCurve:
      serializedVersion: 2
      m_Curve: []
      m_PreInfinity: 2
      m_PostInfinity: 2
      m_RotationOrder: 4
    m_BlendInCurveMode: 0
    m_BlendOutCurveMode: 0
    m_ExposedParameterNames: []
    m_AnimationCurves: {fileID: 0}
    m_Recordable: 0
    m_PostExtrapolationMode: 1
    m_PreExtrapolationMode: 1
    m_PostExtrapolationTime: 0
    m_PreExtrapolationTime: 5.133333333333333
    m_DisplayName: Flexiones
  - m_Version: 1
    m_Start: 6.516666666666664
    m_ClipIn: 0
    m_Asset: {fileID: 1516913968422097418}
    m_Duration: 1.5333333333333332
    m_TimeScale: 1
    m_ParentTrack: {fileID: -7143820573093187909}
    m_EaseInDuration: 0
    m_EaseOutDuration: 0
    m_BlendInDuration: 0.15000000000000213
    m_BlendOutDuration: 0.31666666666666643
    m_MixInCurve:
      serializedVersion: 2
      m_Curve: []
      m_PreInfinity: 2
      m_PostInfinity: 2
      m_RotationOrder: 4
    m_MixOutCurve:
      serializedVersion: 2
      m_Curve: []
      m_PreInfinity: 2
      m_PostInfinity: 2
      m_RotationOrder: 4
    m_BlendInCurveMode: 0
    m_BlendOutCurveMode: 0
    m_ExposedParameterNames: []
    m_AnimationCurves: {fileID: 0}
    m_Recordable: 0
    m_PostExtrapolationMode: 1
    m_PreExtrapolationMode: 1
    m_PostExtrapolationTime: 0
    m_PreExtrapolationTime: 0
    m_DisplayName: Flexiones
  - m_Version: 1
    m_Start: 7.733333333333331
    m_ClipIn: 0
    m_Asset: {fileID: 5631245431548160744}
    m_Duration: 1.5333333333333332
    m_TimeScale: 1
    m_ParentTrack: {fileID: -7143820573093187909}
    m_EaseInDuration: 0
    m_EaseOutDuration: 0
    m_BlendInDuration: 0.31666666666666643
    m_BlendOutDuration: -1
    m_MixInCurve:
      serializedVersion: 2
      m_Curve: []
      m_PreInfinity: 2
      m_PostInfinity: 2
      m_RotationOrder: 4
    m_MixOutCurve:
      serializedVersion: 2
      m_Curve: []
      m_PreInfinity: 2
      m_PostInfinity: 2
      m_RotationOrder: 4
    m_BlendInCurveMode: 0
    m_BlendOutCurveMode: 0
    m_ExposedParameterNames: []
    m_AnimationCurves: {fileID: 0}
    m_Recordable: 0
    m_PostExtrapolationMode: 1
    m_PreExtrapolationMode: 1
    m_PostExtrapolationTime: 0
    m_PreExtrapolationTime: 0
    m_DisplayName: Flexiones
  - m_Version: 1
    m_Start: 9.266666666666664
    m_ClipIn: 0
    m_Asset: {fileID: 8244892778904191265}
    m_Duration: 1.5333333333333332
    m_TimeScale: 1
    m_ParentTrack: {fileID: -7143820573093187909}
    m_EaseInDuration: 0
    m_EaseOutDuration: 0
    m_BlendInDuration: -1
    m_BlendOutDuration: 0.24999999999999822
    m_MixInCurve:
      serializedVersion: 2
      m_Curve: []
      m_PreInfinity: 2
      m_PostInfinity: 2
      m_RotationOrder: 4
    m_MixOutCurve:
      serializedVersion: 2
      m_Curve: []
      m_PreInfinity: 2
      m_PostInfinity: 2
      m_RotationOrder: 4
    m_BlendInCurveMode: 0
    m_BlendOutCurveMode: 0
    m_ExposedParameterNames: []
    m_AnimationCurves: {fileID: 0}
    m_Recordable: 0
    m_PostExtrapolationMode: 1
    m_PreExtrapolationMode: 1
    m_PostExtrapolationTime: 0
    m_PreExtrapolationTime: 0
    m_DisplayName: Flexiones
  - m_Version: 1
    m_Start: 10.549999999999999
    m_ClipIn: 0
    m_Asset: {fileID: -434494592433072827}
    m_Duration: 2.064010302225748
    m_TimeScale: 1
    m_ParentTrack: {fileID: -7143820573093187909}
    m_EaseInDuration: 0
    m_EaseOutDuration: 0
    m_BlendInDuration: 0.24999999999999822
    m_BlendOutDuration: 0.3148283640543603
    m_MixInCurve:
      serializedVersion: 2
      m_Curve:
      - serializedVersion: 3
        time: 0
        value: 0
        inSlope: 0
        outSlope: 0
        tangentMode: 0
        weightedMode: 0
        inWeight: 0
        outWeight: 0
      - serializedVersion: 3
        time: 1
        value: 1
        inSlope: 0
        outSlope: 0
        tangentMode: 0
        weightedMode: 0
        inWeight: 0
        outWeight: 0
      m_PreInfinity: 2
      m_PostInfinity: 2
      m_RotationOrder: 4
    m_MixOutCurve:
      serializedVersion: 2
      m_Curve:
      - serializedVersion: 3
        time: 0
        value: 1
        inSlope: 0
        outSlope: 0
        tangentMode: 0
        weightedMode: 0
        inWeight: 0
        outWeight: 0
      - serializedVersion: 3
        time: 1
        value: 0
        inSlope: 0
        outSlope: 0
        tangentMode: 0
        weightedMode: 0
        inWeight: 0
        outWeight: 0
      m_PreInfinity: 2
      m_PostInfinity: 2
      m_RotationOrder: 4
    m_BlendInCurveMode: 0
    m_BlendOutCurveMode: 0
    m_ExposedParameterNames: []
    m_AnimationCurves: {fileID: 0}
    m_Recordable: 0
    m_PostExtrapolationMode: 1
    m_PreExtrapolationMode: 1
    m_PostExtrapolationTime: 0
    m_PreExtrapolationTime: 0
    m_DisplayName: Standing Up
  - m_Version: 1
    m_Start: 12.299181938171387
    m_ClipIn: 0
    m_Asset: {fileID: -525323338362436814}
    m_Duration: 1.2982721328735316
    m_TimeScale: 1
    m_ParentTrack: {fileID: -7143820573093187909}
    m_EaseInDuration: 0
    m_EaseOutDuration: 0
    m_BlendInDuration: 0.3148283640543603
    m_BlendOutDuration: -1
    m_MixInCurve:
      serializedVersion: 2
      m_Curve: []
      m_PreInfinity: 2
      m_PostInfinity: 2
      m_RotationOrder: 4
    m_MixOutCurve:
      serializedVersion: 2
      m_Curve:
      - serializedVersion: 3
        time: 0
        value: 1
        inSlope: 0
        outSlope: 0
        tangentMode: 0
        weightedMode: 0
        inWeight: 0
        outWeight: 0
      - serializedVersion: 3
        time: 1
        value: 0
        inSlope: 0
        outSlope: 0
        tangentMode: 0
        weightedMode: 0
        inWeight: 0
        outWeight: 0
      m_PreInfinity: 2
      m_PostInfinity: 2
      m_RotationOrder: 4
    m_BlendInCurveMode: 0
    m_BlendOutCurveMode: 0
    m_ExposedParameterNames: []
    m_AnimationCurves: {fileID: 0}
    m_Recordable: 0
    m_PostExtrapolationMode: 1
    m_PreExtrapolationMode: 1
    m_PostExtrapolationTime: Infinity
    m_PreExtrapolationTime: 0
    m_DisplayName: idle
  m_Markers:
    m_Objects: []
  m_InfiniteClipPreExtrapolation: 0
  m_InfiniteClipPostExtrapolation: 0
  m_InfiniteClipOffsetPosition: {x: 0, y: 0, z: 0}
  m_InfiniteClipOffsetEulerAngles: {x: 0, y: 0, z: 0}
  m_InfiniteClipTimeOffset: 0
  m_InfiniteClipRemoveOffset: 0
  m_InfiniteClipApplyFootIK: 1
  mInfiniteClipLoop: 0
  m_MatchTargetFields: 63
  m_Position: {x: 56.164764, y: 0.22, z: -42.158062}
  m_EulerAngles: {x: 0, y: 0, z: 0}
  m_AvatarMask: {fileID: 0}
  m_ApplyAvatarMask: 1
  m_TrackOffset: 0
  m_InfiniteClip: {fileID: 0}
  m_OpenClipOffsetRotation: {x: 0, y: 0, z: 0, w: 1}
  m_Rotation: {x: 0, y: 0, z: 0, w: 1}
  m_ApplyOffsets: 0
--- !u!114 &-6738716003619629865
MonoBehaviour:
  m_ObjectHideFlags: 1
  m_CorrespondingSourceObject: {fileID: 0}
  m_PrefabInstance: {fileID: 0}
  m_PrefabAsset: {fileID: 0}
  m_GameObject: {fileID: 0}
  m_Enabled: 1
  m_EditorHideFlags: 0
  m_Script: {fileID: 11500000, guid: 030f85c3f73729f4f976f66ffb23b875, type: 3}
  m_Name: AnimationPlayableAsset
  m_EditorClassIdentifier: 
  m_Clip: {fileID: 7400000, guid: b9497bb8c84b27942b85aef5eb07fbf2, type: 2}
  m_Position: {x: 0, y: 0, z: 0}
  m_EulerAngles: {x: 0, y: 0, z: 0}
  m_UseTrackMatchFields: 1
  m_MatchTargetFields: 63
  m_RemoveStartOffset: 1
  m_ApplyFootIK: 1
  m_Loop: 0
  m_Version: 1
  m_Rotation: {x: 0, y: 0, z: 0, w: 1}
--- !u!114 &-6183323072536613853
MonoBehaviour:
  m_ObjectHideFlags: 1
  m_CorrespondingSourceObject: {fileID: 0}
  m_PrefabInstance: {fileID: 0}
  m_PrefabAsset: {fileID: 0}
  m_GameObject: {fileID: 0}
  m_Enabled: 1
  m_EditorHideFlags: 0
  m_Script: {fileID: 11500000, guid: 90fb794a295e73545af71bcdb7375791, type: 3}
  m_Name: CinemachineShot
  m_EditorClassIdentifier: 
  DisplayName: 
  VirtualCamera:
    exposedName: 1e5a152ce62668b4f811e767e7aa9354
    defaultValue: {fileID: 0}
--- !u!114 &-4780913462315802063
MonoBehaviour:
  m_ObjectHideFlags: 1
  m_CorrespondingSourceObject: {fileID: 0}
  m_PrefabInstance: {fileID: 0}
  m_PrefabAsset: {fileID: 0}
  m_GameObject: {fileID: 0}
  m_Enabled: 1
  m_EditorHideFlags: 0
  m_Script: {fileID: 11500000, guid: fde0d25a170598d46a0b9dc16b4527a5, type: 3}
  m_Name: ActivationPlayableAsset
  m_EditorClassIdentifier: 
--- !u!114 &-2599762816945953218
MonoBehaviour:
  m_ObjectHideFlags: 1
  m_CorrespondingSourceObject: {fileID: 0}
  m_PrefabInstance: {fileID: 0}
  m_PrefabAsset: {fileID: 0}
  m_GameObject: {fileID: 0}
  m_Enabled: 1
  m_EditorHideFlags: 0
  m_Script: {fileID: 11500000, guid: 90fb794a295e73545af71bcdb7375791, type: 3}
  m_Name: CinemachineShot
  m_EditorClassIdentifier: 
  DisplayName: 
  VirtualCamera:
    exposedName: 9255c8e0f8e440d429f3b6648c1b7b2b
    defaultValue: {fileID: 0}
--- !u!114 &-2486108506534455913
MonoBehaviour:
  m_ObjectHideFlags: 1
  m_CorrespondingSourceObject: {fileID: 0}
  m_PrefabInstance: {fileID: 0}
  m_PrefabAsset: {fileID: 0}
  m_GameObject: {fileID: 0}
  m_Enabled: 1
  m_EditorHideFlags: 0
  m_Script: {fileID: 11500000, guid: 90fb794a295e73545af71bcdb7375791, type: 3}
  m_Name: CinemachineShot
  m_EditorClassIdentifier: 
  DisplayName: 
  VirtualCamera:
    exposedName: 1086a058bd6b77047a0a40346c3ac7bc
    defaultValue: {fileID: 0}
--- !u!114 &-1617931030602225793
MonoBehaviour:
  m_ObjectHideFlags: 1
  m_CorrespondingSourceObject: {fileID: 0}
  m_PrefabInstance: {fileID: 0}
  m_PrefabAsset: {fileID: 0}
  m_GameObject: {fileID: 0}
  m_Enabled: 1
  m_EditorHideFlags: 0
  m_Script: {fileID: 11500000, guid: 05acc715f855ced458d76ee6f8ac6c61, type: 3}
  m_Name: Cinemachine Track
  m_EditorClassIdentifier: 
  m_Version: 3
  m_AnimClip: {fileID: 0}
  m_Locked: 0
  m_Muted: 0
  m_CustomPlayableFullTypename: 
  m_Curves: {fileID: 0}
  m_Parent: {fileID: 11400000}
  m_Children: []
  m_Clips:
  - m_Version: 1
    m_Start: 0
    m_ClipIn: 0
    m_Asset: {fileID: 2236191201957967009}
    m_Duration: 3.7
    m_TimeScale: 1
    m_ParentTrack: {fileID: -1617931030602225793}
    m_EaseInDuration: 0
    m_EaseOutDuration: 0
    m_BlendInDuration: -1
    m_BlendOutDuration: 2.183333333333336
    m_MixInCurve:
      serializedVersion: 2
      m_Curve:
      - serializedVersion: 3
        time: 0
        value: 0
        inSlope: 0
        outSlope: 0
        tangentMode: 0
        weightedMode: 0
        inWeight: 0
        outWeight: 0
      - serializedVersion: 3
        time: 1
        value: 1
        inSlope: 0
        outSlope: 0
        tangentMode: 0
        weightedMode: 0
        inWeight: 0
        outWeight: 0
      m_PreInfinity: 2
      m_PostInfinity: 2
      m_RotationOrder: 4
    m_MixOutCurve:
      serializedVersion: 2
      m_Curve: []
      m_PreInfinity: 2
      m_PostInfinity: 2
      m_RotationOrder: 4
    m_BlendInCurveMode: 0
    m_BlendOutCurveMode: 0
    m_ExposedParameterNames: []
    m_AnimationCurves: {fileID: 0}
    m_Recordable: 0
    m_PostExtrapolationMode: 0
    m_PreExtrapolationMode: 0
    m_PostExtrapolationTime: 0
    m_PreExtrapolationTime: 0
    m_DisplayName: CM vcam1
  - m_Version: 1
    m_Start: 9.266666666666662
    m_ClipIn: 0
    m_Asset: {fileID: -8836228615253102379}
    m_Duration: 4.330787404378256
    m_TimeScale: 1
    m_ParentTrack: {fileID: -1617931030602225793}
    m_EaseInDuration: 0
    m_EaseOutDuration: 0
    m_BlendInDuration: 2.733333333333338
    m_BlendOutDuration: -1
    m_MixInCurve:
      serializedVersion: 2
      m_Curve:
      - serializedVersion: 3
        time: 0
        value: 0
        inSlope: 0
        outSlope: 0
        tangentMode: 0
        weightedMode: 0
        inWeight: 0
        outWeight: 0
      - serializedVersion: 3
        time: 1
        value: 1
        inSlope: 0
        outSlope: 0
        tangentMode: 0
        weightedMode: 0
        inWeight: 0
        outWeight: 0
      m_PreInfinity: 2
      m_PostInfinity: 2
      m_RotationOrder: 4
    m_MixOutCurve:
      serializedVersion: 2
      m_Curve: []
      m_PreInfinity: 2
      m_PostInfinity: 2
      m_RotationOrder: 4
    m_BlendInCurveMode: 0
    m_BlendOutCurveMode: 0
    m_ExposedParameterNames: []
    m_AnimationCurves: {fileID: 0}
    m_Recordable: 0
    m_PostExtrapolationMode: 0
    m_PreExtrapolationMode: 0
    m_PostExtrapolationTime: 0
    m_PreExtrapolationTime: 0
    m_DisplayName: CM FreeLook1
  - m_Version: 1
    m_Start: 1.5166666666666644
    m_ClipIn: 0
    m_Asset: {fileID: -2599762816945953218}
    m_Duration: 5.483333333333336
    m_TimeScale: 1
    m_ParentTrack: {fileID: -1617931030602225793}
    m_EaseInDuration: 0
    m_EaseOutDuration: 0
    m_BlendInDuration: 2.183333333333336
    m_BlendOutDuration: 3.05
    m_MixInCurve:
      serializedVersion: 2
      m_Curve: []
      m_PreInfinity: 2
      m_PostInfinity: 2
      m_RotationOrder: 4
    m_MixOutCurve:
      serializedVersion: 2
      m_Curve: []
      m_PreInfinity: 2
      m_PostInfinity: 2
      m_RotationOrder: 4
    m_BlendInCurveMode: 0
    m_BlendOutCurveMode: 0
    m_ExposedParameterNames: []
    m_AnimationCurves: {fileID: 0}
    m_Recordable: 0
    m_PostExtrapolationMode: 0
    m_PreExtrapolationMode: 0
    m_PostExtrapolationTime: 0
    m_PreExtrapolationTime: 0
    m_DisplayName: CM vcam2
  - m_Version: 1
    m_Start: 3.95
    m_ClipIn: 0
    m_Asset: {fileID: -2486108506534455913}
    m_Duration: 5.316666666666663
    m_TimeScale: 1
    m_ParentTrack: {fileID: -1617931030602225793}
    m_EaseInDuration: 0
    m_EaseOutDuration: 0
    m_BlendInDuration: 3.05
    m_BlendOutDuration: 2.266666666666662
    m_MixInCurve:
      serializedVersion: 2
      m_Curve: []
      m_PreInfinity: 2
      m_PostInfinity: 2
      m_RotationOrder: 4
    m_MixOutCurve:
      serializedVersion: 2
      m_Curve: []
      m_PreInfinity: 2
      m_PostInfinity: 2
      m_RotationOrder: 4
    m_BlendInCurveMode: 0
    m_BlendOutCurveMode: 0
    m_ExposedParameterNames: []
    m_AnimationCurves: {fileID: 0}
    m_Recordable: 0
    m_PostExtrapolationMode: 0
    m_PreExtrapolationMode: 0
    m_PostExtrapolationTime: 0
    m_PreExtrapolationTime: 0
    m_DisplayName: CM vcam3
  - m_Version: 1
    m_Start: 7
    m_ClipIn: 0
    m_Asset: {fileID: -6183323072536613853}
    m_Duration: 5
    m_TimeScale: 1
    m_ParentTrack: {fileID: -1617931030602225793}
    m_EaseInDuration: 0
    m_EaseOutDuration: 0
    m_BlendInDuration: 2.266666666666662
    m_BlendOutDuration: 2.733333333333338
    m_MixInCurve:
      serializedVersion: 2
      m_Curve:
      - serializedVersion: 3
        time: 0
        value: 0
        inSlope: 0
        outSlope: 0
        tangentMode: 0
        weightedMode: 0
        inWeight: 0
        outWeight: 0
      - serializedVersion: 3
        time: 1
        value: 1
        inSlope: 0
        outSlope: 0
        tangentMode: 0
        weightedMode: 0
        inWeight: 0
        outWeight: 0
      m_PreInfinity: 2
      m_PostInfinity: 2
      m_RotationOrder: 4
    m_MixOutCurve:
      serializedVersion: 2
      m_Curve:
      - serializedVersion: 3
        time: 0
        value: 1
        inSlope: 0
        outSlope: 0
        tangentMode: 0
        weightedMode: 0
        inWeight: 0
        outWeight: 0
      - serializedVersion: 3
        time: 1
        value: 0
        inSlope: 0
        outSlope: 0
        tangentMode: 0
        weightedMode: 0
        inWeight: 0
        outWeight: 0
      m_PreInfinity: 2
      m_PostInfinity: 2
      m_RotationOrder: 4
    m_BlendInCurveMode: 0
    m_BlendOutCurveMode: 0
    m_ExposedParameterNames: []
    m_AnimationCurves: {fileID: 0}
    m_Recordable: 0
    m_PostExtrapolationMode: 0
    m_PreExtrapolationMode: 0
    m_PostExtrapolationTime: 0
    m_PreExtrapolationTime: 0
    m_DisplayName: CM vcam4
  m_Markers:
    m_Objects: []
--- !u!114 &-525323338362436814
MonoBehaviour:
  m_ObjectHideFlags: 1
  m_CorrespondingSourceObject: {fileID: 0}
  m_PrefabInstance: {fileID: 0}
  m_PrefabAsset: {fileID: 0}
  m_GameObject: {fileID: 0}
  m_Enabled: 1
  m_EditorHideFlags: 0
  m_Script: {fileID: 11500000, guid: 030f85c3f73729f4f976f66ffb23b875, type: 3}
  m_Name: AnimationPlayableAsset
  m_EditorClassIdentifier: 
  m_Clip: {fileID: -203655887218126122, guid: f08dbe66d36c4a74f945e46ed153133a, type: 3}
  m_Position: {x: 1.16, y: 0, z: 0}
  m_EulerAngles: {x: 0, y: 0, z: 0}
  m_UseTrackMatchFields: 1
  m_MatchTargetFields: 63
  m_RemoveStartOffset: 1
  m_ApplyFootIK: 1
  m_Loop: 0
  m_Version: 1
  m_Rotation: {x: 0, y: 0, z: 0, w: 1}
--- !u!114 &-434494592433072827
MonoBehaviour:
  m_ObjectHideFlags: 1
  m_CorrespondingSourceObject: {fileID: 0}
  m_PrefabInstance: {fileID: 0}
  m_PrefabAsset: {fileID: 0}
  m_GameObject: {fileID: 0}
  m_Enabled: 1
  m_EditorHideFlags: 0
  m_Script: {fileID: 11500000, guid: 030f85c3f73729f4f976f66ffb23b875, type: 3}
  m_Name: AnimationPlayableAsset
  m_EditorClassIdentifier: 
  m_Clip: {fileID: -203655887218126122, guid: 5fdf95c8c83f80648aea0496413864e7, type: 3}
  m_Position: {x: 0, y: 0, z: 0}
  m_EulerAngles: {x: 0, y: 0, z: 0}
  m_UseTrackMatchFields: 1
  m_MatchTargetFields: 63
  m_RemoveStartOffset: 1
  m_ApplyFootIK: 1
  m_Loop: 0
  m_Version: 1
  m_Rotation: {x: 0, y: 0, z: 0, w: 1}
--- !u!114 &11400000
MonoBehaviour:
  m_ObjectHideFlags: 0
  m_CorrespondingSourceObject: {fileID: 0}
  m_PrefabInstance: {fileID: 0}
  m_PrefabAsset: {fileID: 0}
  m_GameObject: {fileID: 0}
  m_Enabled: 1
  m_EditorHideFlags: 0
  m_Script: {fileID: 11500000, guid: bfda56da833e2384a9677cd3c976a436, type: 3}
  m_Name: paladin_prop_j_nordstrom (1)Timeline
  m_EditorClassIdentifier: 
  m_Version: 0
  m_Tracks:
  - {fileID: -7143820573093187909}
  - {fileID: -7311170765301948757}
  - {fileID: -1617931030602225793}
  m_FixedDuration: 0
  m_EditorSettings:
    m_Framerate: 60
  m_DurationMode: 0
  m_MarkerTrack: {fileID: -8286958616497261668}
--- !u!114 &1516913968422097418
MonoBehaviour:
  m_ObjectHideFlags: 1
  m_CorrespondingSourceObject: {fileID: 0}
  m_PrefabInstance: {fileID: 0}
  m_PrefabAsset: {fileID: 0}
  m_GameObject: {fileID: 0}
  m_Enabled: 1
  m_EditorHideFlags: 0
  m_Script: {fileID: 11500000, guid: 030f85c3f73729f4f976f66ffb23b875, type: 3}
  m_Name: AnimationPlayableAsset(Clone)
  m_EditorClassIdentifier: 
  m_Clip: {fileID: 7400000, guid: b9497bb8c84b27942b85aef5eb07fbf2, type: 2}
  m_Position: {x: 0, y: 0, z: 0}
  m_EulerAngles: {x: 0, y: 0, z: 0}
  m_UseTrackMatchFields: 1
  m_MatchTargetFields: 63
  m_RemoveStartOffset: 1
  m_ApplyFootIK: 1
  m_Loop: 0
  m_Version: 1
  m_Rotation: {x: 0, y: 0, z: 0, w: 1}
--- !u!114 &2236191201957967009
MonoBehaviour:
  m_ObjectHideFlags: 1
  m_CorrespondingSourceObject: {fileID: 0}
  m_PrefabInstance: {fileID: 0}
  m_PrefabAsset: {fileID: 0}
  m_GameObject: {fileID: 0}
  m_Enabled: 1
  m_EditorHideFlags: 0
  m_Script: {fileID: 11500000, guid: 90fb794a295e73545af71bcdb7375791, type: 3}
  m_Name: CinemachineShot
  m_EditorClassIdentifier: 
  DisplayName: 
  VirtualCamera:
    exposedName: 8b3472a1280317c4ca0ea7d1ba254b5f
    defaultValue: {fileID: 0}
--- !u!114 &2557519223247533388
MonoBehaviour:
  m_ObjectHideFlags: 1
  m_CorrespondingSourceObject: {fileID: 0}
  m_PrefabInstance: {fileID: 0}
  m_PrefabAsset: {fileID: 0}
  m_GameObject: {fileID: 0}
  m_Enabled: 1
  m_EditorHideFlags: 0
  m_Script: {fileID: 11500000, guid: 15e0374501f39d54eb30235764636e0e, type: 3}
  m_Name: Control Track
  m_EditorClassIdentifier: 
  m_Version: 3
  m_AnimClip: {fileID: 0}
  m_Locked: 0
  m_Muted: 0
  m_CustomPlayableFullTypename: 
  m_Curves: {fileID: 0}
  m_Parent: {fileID: 11400000}
  m_Children: []
  m_Clips: []
  m_Markers:
    m_Objects: []
--- !u!114 &5631245431548160744
MonoBehaviour:
  m_ObjectHideFlags: 1
  m_CorrespondingSourceObject: {fileID: 0}
  m_PrefabInstance: {fileID: 0}
  m_PrefabAsset: {fileID: 0}
  m_GameObject: {fileID: 0}
  m_Enabled: 1
  m_EditorHideFlags: 0
  m_Script: {fileID: 11500000, guid: 030f85c3f73729f4f976f66ffb23b875, type: 3}
  m_Name: AnimationPlayableAsset(Clone)(Clone)
  m_EditorClassIdentifier: 
  m_Clip: {fileID: 7400000, guid: b9497bb8c84b27942b85aef5eb07fbf2, type: 2}
  m_Position: {x: 0, y: 0, z: 0}
  m_EulerAngles: {x: 0, y: 0, z: 0}
  m_UseTrackMatchFields: 1
  m_MatchTargetFields: 63
  m_RemoveStartOffset: 1
  m_ApplyFootIK: 1
  m_Loop: 0
  m_Version: 1
  m_Rotation: {x: 0, y: 0, z: 0, w: 1}
--- !u!114 &6404019494335061967
MonoBehaviour:
  m_ObjectHideFlags: 1
  m_CorrespondingSourceObject: {fileID: 0}
  m_PrefabInstance: {fileID: 0}
  m_PrefabAsset: {fileID: 0}
  m_GameObject: {fileID: 0}
  m_Enabled: 1
  m_EditorHideFlags: 0
  m_Script: {fileID: 11500000, guid: 15e0374501f39d54eb30235764636e0e, type: 3}
  m_Name: Control Track
  m_EditorClassIdentifier: 
  m_Version: 3
  m_AnimClip: {fileID: 0}
  m_Locked: 0
  m_Muted: 0
  m_CustomPlayableFullTypename: 
  m_Curves: {fileID: 0}
  m_Parent: {fileID: 11400000}
  m_Children: []
  m_Clips: []
  m_Markers:
    m_Objects: []
--- !u!114 &8244892778904191265
MonoBehaviour:
  m_ObjectHideFlags: 1
  m_CorrespondingSourceObject: {fileID: 0}
  m_PrefabInstance: {fileID: 0}
  m_PrefabAsset: {fileID: 0}
  m_GameObject: {fileID: 0}
  m_Enabled: 1
  m_EditorHideFlags: 0
  m_Script: {fileID: 11500000, guid: 030f85c3f73729f4f976f66ffb23b875, type: 3}
  m_Name: AnimationPlayableAsset(Clone)(Clone)(Clone)
  m_EditorClassIdentifier: 
  m_Clip: {fileID: 7400000, guid: b9497bb8c84b27942b85aef5eb07fbf2, type: 2}
  m_Position: {x: 0, y: 0, z: 0}
  m_EulerAngles: {x: 0, y: 0, z: 0}
  m_UseTrackMatchFields: 1
  m_MatchTargetFields: 63
  m_RemoveStartOffset: 1
  m_ApplyFootIK: 1
  m_Loop: 0
  m_Version: 1
  m_Rotation: {x: 0, y: 0, z: 0, w: 1}
